@Article{Luminet_1979,
author = {J.P. Luminet},
title = {\emph{Image of a Spherical Black Hole with Thin Accretion Disk}},
journal = {Astronomy and Astrophysics 75},
pages = {228-235},
year = {1979},
}

@Article{Luminet_2019,
author = {J.P. Luminet},
title = {\emph{An Illustrated History of Black Hole Imaging}},
year = {2019},
note = {\url{https://arxiv.org/abs/1902.11196}},
}

@Article{Amarilla_2010,
author = {L. Amarilla, E.F. Eiroa, G. Giribet},
title = {\emph{Null geodesics and shadow of a rotating black hole in extended Chern-Simons modified gravity}},
journal = {Physical Review D 81, 124045},
year = {2010},
}

@article{Amarilla_2012,
author = {L. Amarilla, E.F. Eiroa},
title = {\emph{Shadow of a rotating braneworld black hole}},
journal = {Physical Review D 81, 064019},
year = {2012},
note = {\url{http://dx.doi.org/10.1103/PhysRevD.85.064019}},
}

@article{Amarilla_2018,
author = {L. Amarilla, E.F. Eiroa},
title = {\emph{Shadows of rotating black holes in alternative theories}},
year = {2018},
note = {\url{https://arxiv.org/abs/1810.12767}}
}

@book{Ramos,
author = {Saúl Ramos-Sánchez},
title = {\emph{Relatividad para futuros físicos}},
date = {2018},
editor = {La Prensa de Ciencias},
}

@online{EHT,
author = {Event Horizon Telescope},
title = {\href{https://eventhorizontelescope.org/press-release-april-10-2019-astronomers-capture-first-image-black-hole}{Astronomers Capture First Image of a Black Hole}},
year = {April 2019},
}

@online{Luminet_blog,
author = {J.P. Luminet},
title = {\href{https://blogs.futura-sciences.com/e-luminet/2019/05/23/40-years-of-black-hole-imaging-2-colors-and-movies-1989-1993/}{40 years of black hole imaging}},
year = {May 2019},
}





